@book{Faironc2006,
  author = {Cédrick Fairon and Jean René Klein and Sébastien Paumier},
  title = {Le langage SMS},
  publisher = {Presses universitaires de Louvain UCL},
  address = {Louvain-la-Neuve},
  year = {c2006},
}

